<?xml version="1.0" encoding="utf-8"?>
<record xmlns="http://www.loc.gov/MARC21/slim" xmlns:xsi="http://www.w3.org/2001/XMLSchema-instance" xsi:schemaLocation="http://www.loc.gov/MARC21/slim http://www.loc.gov/standards/marcxml/schema/MARC21slim.xsd">
	<leader>     nam a22     Mi 4500</leader>
	<controlfield tag="001">2957826</controlfield>
	<controlfield tag="003">NNC</controlfield>
	<controlfield tag="006">m        d        </controlfield>
	<controlfield tag="007">cr cn |||m|||a</controlfield>
	<controlfield tag="008">190409s1930    ua      o     000 0 ara d</controlfield>
	<datafield ind1=" " ind2=" " tag="040">
		<subfield code="a">ZYU</subfield>
		<subfield code="b">ara</subfield>
		<subfield code="e">rda</subfield>
		<subfield code="c">ZYU</subfield>
	</datafield>
	<datafield ind1="1" ind2="4" tag="050">
		<subfield code="a">BP131.5</subfield>
		<subfield code="b">.A28</subfield>
	</datafield>
	<datafield ind1="1" ind2=" " tag="100">
		<subfield code="a">Abū Shāmah, ʻAbd al-Raḥmān ibn Ismāʻīl,</subfield>
		<subfield code="d">1203-1267.</subfield>
	</datafield>
	<datafield ind1="1" ind2="0" tag="245">
		<subfield code="a">Ibrāz al-maʻānī min Ḥirz al-amānī, li-ʻAbd al-Raḥmān ibn Ismāʻīl al-maʻrūf bi-Abī Shāmah :</subfield>
		<subfield code="b">wa-huwa sharh Matn al-Shāṭibiyah fī al-qirāʼāt al-sabʻ, li-Abī al-Qāsim ibn Fīrruh al-Shāṭibī. Wa-bi-hāmishihī kitābān: [1] Irshād al-murīd ilā maqṣūd al-qasīd, wa-huwa sharḥ ʻalā al-Shāṭibīyah aydan ; [2] al-Bahjah al-mardīyah, sharḥ al-Durrah al-mudīʼah fī al-qirāʼāt al-thalāth al-mutammimah lil-ʻashr, kilāhumā lil-ustādh ʻAlī ibn Muḥammad al-shahīr bi-al-Dabb-āʻ.</subfield>
	</datafield>
	<datafield ind1=" " ind2=" " tag="260">
		<subfield code="a">Miṣr :</subfield>
		<subfield code="b">Musṭafā al-Bābī al-Ḥalabī,</subfield>
		<subfield code="c">1349 [1930]</subfield>
	</datafield>
	<datafield ind1=" " ind2=" " tag="300">
		<subfield code="a">online resource (528 pages)</subfield>
	</datafield>
	<datafield ind1=" " ind2=" " tag="336">
		<subfield code="a">text</subfield>
		<subfield code="2">rdacontent</subfield>
	</datafield>
	<datafield ind1=" " ind2=" " tag="337">
		<subfield code="a">computer</subfield>
		<subfield code="2">rdamedia</subfield>
	</datafield>
	<datafield ind1=" " ind2=" " tag="338">
		<subfield code="a">online resource</subfield>
		<subfield code="2">rdacarrier</subfield>
	</datafield>
	<datafield ind1=" " ind2=" " tag="500">
		<subfield code="a">Part of the Arabic Collections Online (ACO) project, contributed by Columbia University Libraries.</subfield>
	</datafield>
	<datafield ind1=" " ind2=" " tag="533">
		<subfield code="a">Electronic reproduction.</subfield>
		<subfield code="b">New York, N.Y. :</subfield>
		<subfield code="c">New York University,</subfield>
		<subfield code="d">2019.</subfield>
		<subfield code="5">NNU</subfield>
	</datafield>
	<datafield ind1="2" ind2=" " tag="710">
		<subfield code="a">Columbia University.</subfield>
		<subfield code="b">Libraries.</subfield>
	</datafield>
	<datafield ind1="0" ind2=" " tag="730">
		<subfield code="a">Arabic Collections Online.</subfield>
	</datafield>
	<datafield ind1="0" ind2="8" tag="776">
		<subfield code="i">Print version:</subfield>
		<subfield code="a">Abū Shāmah, ʻAbd al-Raḥmān ibn Ismāʻīl, 1203-1267.</subfield>
		<subfield code="t">Ibrāz al-maʻānī min Ḥirz al-amānī, li-ʻAbd al-Raḥmān ibn Ismāʻīl al-maʻrūf bi-Abī Shāmah</subfield>
		<subfield code="w">(NNC)2957826</subfield>
		<subfield code="w">(OCoLC)45894011</subfield>
	</datafield>
	<datafield ind1="4" ind2="0" tag="856">
		<subfield code="u">http://hdl.handle.net/2333.1/sqv9sd1r</subfield>
	</datafield>
	<datafield ind1=" " ind2=" " tag="959">
		<subfield code="a">NNU</subfield>
		<subfield code="b">WEB</subfield>
		<subfield code="c">GENI</subfield>
		<subfield code="t">0</subfield>
		<subfield code="m">Electronic access</subfield>
		<subfield code="s">01</subfield>
	</datafield>
	<datafield ind1=" " ind2=" " tag="999">
		<subfield code="i">NNC_2957826</subfield>
		<subfield code="o">(OCoLC)ocm45894011 </subfield>
		<subfield code="s">columbia_aco003822</subfield>
		<subfield code="e">(ERROR-880)</subfield>
	</datafield>
</record>
